@article{ford2004-peg,
    author = {Ford, Bryan},
    title = {Parsing expression grammars: a recognition-based syntactic foundation},
    year = {2004},
    issue_date = {January 2004},
    publisher = {Association for Computing Machinery},
    address = {New York, NY, USA},
    volume = {39},
    number = {1},
    issn = {0362-1340},
    url = {https://doi.org/10.1145/982962.964011},
    doi = {10.1145/982962.964011},
    abstract = {For decades we have been using Chomsky's generative system of grammars, particularly context-free grammars (CFGs) and regular expressions (REs), to express the syntax of programming languages and protocols. The power of generative grammars to express ambiguity is crucial to their original purpose of modelling natural languages, but this very power makes it unnecessarily difficult both to express and to parse machine-oriented languages using CFGs. Parsing Expression Grammars (PEGs) provide an alternative, recognition-based formal foundation for describing machine-oriented syntax, which solves the ambiguity problem by not introducing ambiguity in the first place. Where CFGs express nondeterministic choice between alternatives, PEGs instead use prioritized choice. PEGs address frequently felt expressiveness limitations of CFGs and REs, simplifying syntax definitions and making it unnecessary to separate their lexical and hierarchical components. A linear-time parser can be built for any PEG, avoiding both the complexity and fickleness of LR parsers and the inefficiency of generalized CFG parsing. While PEGs provide a rich set of operators for constructing grammars, they are reducible to two minimal recognition schemas developed around 1970, TS/TDPL and gTS/GTDPL, which are here proven equivalent in effective recognition power.},
    journal = {SIGPLAN Not.},
    month = jan,
    pages = {111–122},
    numpages = {12},
    keywords = {unified grammars, syntactic predicates, scannerless parsing, regular expressions, parsing expression grammars, packrat parsing, lexical analysis, context-free grammars, TDPL, GTDPL, BNF}
}

@article{pelz2012-mecanismo-correcao-automatica,
	author = {Fillipi Pelz and Elieser de Jesus and André Raabe},
	title = {Um Mecanismo para Correção Automática de Exercícios Práticos de Programação Introdutória},
	journal = {Brazilian Symposium on Computers in Education (Simpósio Brasileiro de Informática na Educação - SBIE)},
	volume = {23},
	number = {1},
	year = {2012},
	keywords = {},
	abstract = {Neste artigo propõe-se um mecanismo para a correção automática de pequenos exercícios práticos de programação onde se faz: 1) a verificação sintática; 2) a verificação da presença de comandos obrigatórios; 3) a verificação da adequação da estrutura do programa; e 4) a execução do programa para testar suas saídas. Este mecanismo de correção automática foi utilizado em duas pesquisas distintas e apresentou bons resultados na geração de feedback para os aprendizes de programação. Algumas limitações e implicações do mecanismo de correção na aprendizagem dos alunos são discutidas ao longo do artigo.},
	issn = {2316-6533},	doi = {10.5753/cbie.sbie.2012.%p},
	url = {http://milanesa.ime.usp.br/rbie/index.php/sbie/article/view/1780}
}

@inproceedings{moreira2009-ambiente-ensino,
  title={Um ambiente para ensino de programa{\c{c}}{\~a}o com feedback autom{\'a}tico de exerc{\'\i}cios},
  author={Moreira, Mireille Pinheiro and Favero, Eloi Luiz},
  booktitle={Workshop sobre Educa{\c{c}}{\~a}o em Computa{\c{c}}{\~a}o (WEI 2009)},
  volume={17},
  year={2009}
}

@article{isotani2004-iGeom,
	author = {Seiji Isotani and Leonidas Brandão},
	title = {Ferramenta de Avaliação Automática no iGeom},
	journal = {Brazilian Symposium on Computers in Education (Simpósio Brasileiro de Informática na Educação - SBIE)},
	volume = {1},
	number = {1},
	year = {2004},
	keywords = {},
	abstract = {Resumo: Uma questão chave no aprendizado de matemática é a resolução de exercícios, entretanto, quando estamos considerando grandes turmas de alunos, a ausência  de recursos que auxiliem o professor na sua correção, pode inviabilizar a aplicação de exercícios. Neste artigo apresentamos uma nova funcionalidade do programa iGeom, que resolve o problema de geração e correção automática de exercícios de Geometria. A solução implementada permite sua aplicação em aulas presenciais ou a distancia,  sendo que nesta última, devido ao mecanismo de comunicação do iGeom, pode ser empregada tanto em caráter aberto em páginas acessí veis por qualquer internauta , quanto em caráter fechado utilizando um sistema de controle de acesso.  Abstract: Uma questão chave no aprendizado de matemática é a resolução de exercícios, entretanto, quando estamos considerando grandes turmas de alunos, a ausência  de recursos que auxiliem o professor na sua correção, pode inviabilizar a aplicação de exercícios. Neste artigo apresentamos uma nova funcionalidade do programa iGeom, que resolve o problema de geração e correção automática de exercícios de Geometria. A solução implementada permite sua aplicação em aulas presenciais ou a distancia,  sendo que nesta última, devido ao mecanismo de comunicação do iGeom, pode ser empregada tanto em caráter aberto em páginas acessí veis por qualquer internauta , quanto em caráter fechado utilizando um sistema de controle de acesso.},
	issn = {2316-6533},	pages = {319--328},	doi = {10.5753/cbie.sbie.2004.319-328},
	url = {http://milanesa.ime.usp.br/rbie/index.php/sbie/article/view/333}
}

@inproceedings{oliveira2015-avaliacao-automatica-programacao,
  author = {M{\'a}rcia de Oliveira and Elias Oliveira},
  title = {Abordagens, Pr{\'a}ticas e Desafios da Avalia{\c{c}}{\~a}o Autom{\'a}tica de Exerc{\'i}cios de Programa{\c{c}}{\~a}o},
  booktitle = {Anais do IV Workshop de Desafios da Computa{\c{c}}{\~a}o aplicada {\`a} Educa{\c{c}}{\~a}o},
  location = {Recife},
  year = {2015},
  keywords = {},
  issn = {0000-0000},
  pages = {131--140},
  publisher = {SBC},
  address = {Porto Alegre, RS, Brasil},
  doi = {10.5753/desafie.2015.10048},
  url = {https://sol.sbc.org.br/index.php/desafie/article/view/10048}
}

@inproceedings{rodger2002-hands-on-visualization,
  title = {Using Hands-On Visualizations to Teach Computer Science from Beginning Courses to Advanced Courses},
  author={Rodger, Susan H.},
  booktitle = {Second Program Visualization Workshop},
  pages={103--112},
  year={2002},
  month = {07},
  number={14},
  address = {Hornstrup Center, Dinamarca}
}

@inproceedings{sbie,
 author = {Leandro Silva and Vivyann Cedraz and Jeferson Patrocínio and Saul Delabrida and Reinaldo Fortes},
 title = { Juiz online focado no ensino de programação: uma análise de usabilidade de ferramenta autoral},
 booktitle = {Anais do XXXV Simpósio Brasileiro de Informática na Educação},
 location = {Rio de Janeiro/RJ},
 year = {2024},
 keywords = {},
 issn = {0000-0000},
 pages = {1234--1247},
 publisher = {SBC},
 address = {Porto Alegre, RS, Brasil},
 doi = {10.5753/sbie.2024.242421},
 url = {https://sol.sbc.org.br/index.php/sbie/article/view/31317}
}
